<record xmlns="http://www.loc.gov/MARC21/slim">
   <leader>01969cam a22004218i 45 0</leader>
   <controlfield tag="001">6749881</controlfield>
   <controlfield tag="003">OCoLC</controlfield>
   <controlfield tag="005">20141202171246.0</controlfield>
   <controlfield tag="008">140407s2015    onca     b    001 0 eng  </controlfield>
   <datafield ind1=" " ind2=" " tag="016">
      <subfield code="a">20149022107</subfield>
   </datafield>
   <datafield ind1=" " ind2=" " tag="020">
      <subfield code="a">9780071338875 (bound)</subfield>
   </datafield>
   <datafield ind1=" " ind2=" " tag="020">
      <subfield code="a">007133887X (bound)</subfield>
   </datafield>
   <datafield ind1=" " ind2=" " tag="035">
      <subfield code="a">ocn876425020</subfield>
   </datafield>
   <datafield ind1=" " ind2=" " tag="040">
      <subfield code="a">NLC</subfield>
      <subfield code="b">eng</subfield>
      <subfield code="e">rda</subfield>
      <subfield code="c">NLC</subfield>
      <subfield code="d">OCLCO</subfield>
      <subfield code="d">CDN</subfield>
      <subfield code="d">OCLCF</subfield>
      <subfield code="d">UAB</subfield>
   </datafield>
   <datafield ind1=" " ind2="0" tag="055">
      <subfield code="a">HG4521</subfield>
      <subfield code="b">I548 2015</subfield>
   </datafield>
   <datafield ind1="0" ind2="4" tag="082">
      <subfield code="a">332.6</subfield>
      <subfield code="2">23</subfield>
   </datafield>
   <datafield ind1=" " ind2=" " tag="090">
      <subfield code="a">HG 4521 B564 2015</subfield>
      <subfield code="b">AEU</subfield>
   </datafield>
   <datafield ind1="1" ind2=" " tag="100">
      <subfield code="a">Bodie, Zvi,</subfield>
      <subfield code="e">author.</subfield>
   </datafield>
   <datafield ind1="1" ind2="0" tag="245">
      <subfield code="a">Investments /</subfield>
      <subfield code="c">Zvi Bodie, Boston University, Alex Kane, University of California, San Diego, Alan J. Marcus, Boston College, Stylianos Perrakis, John Molson School of Business, Concordia University, Peter J. Ryan, Mansi Corp, Lorne N. Switzer, John Molson School of Business, Concordia University.</subfield>
   </datafield>
   <datafield ind1=" " ind2=" " tag="250">
      <subfield code="a">Eighth Canadian edition.</subfield>
   </datafield>
   <datafield ind1=" " ind2="1" tag="264">
      <subfield code="a">[Whitby, Ontario]  :</subfield>
      <subfield code="b">McGraw-Hill Ryerson,</subfield>
      <subfield code="c">[2015]</subfield>
   </datafield>
   <datafield ind1=" " ind2="4" tag="264">
      <subfield code="c">©2015</subfield>
   </datafield>
   <datafield ind1=" " ind2=" " tag="300">
      <subfield code="a">xx, 1006 pages :</subfield>
      <subfield code="b">illustrations ;</subfield>
      <subfield code="c">26 cm</subfield>
   </datafield>
   <datafield ind1=" " ind2=" " tag="336">
      <subfield code="a">text</subfield>
      <subfield code="b">txt</subfield>
      <subfield code="2">rdacontent</subfield>
   </datafield>
   <datafield ind1=" " ind2=" " tag="337">
      <subfield code="a">unmediated</subfield>
      <subfield code="b">n</subfield>
      <subfield code="2">rdamedia</subfield>
   </datafield>
   <datafield ind1=" " ind2=" " tag="338">
      <subfield code="a">volume</subfield>
      <subfield code="b">nc</subfield>
      <subfield code="2">rdacarrier</subfield>
   </datafield>
   <datafield ind1=" " ind2=" " tag="500">
      <subfield code="a">Revision of: Investments / Zvi Bodie ... [et al.]. -- 7th Canadian ed. -- [Whitby, Ont.] : McGraw-Hill Ryerson, c2011.</subfield>
   </datafield>
   <datafield ind1=" " ind2=" " tag="504">
      <subfield code="a">Includes bibliographical references and indexes.</subfield>
   </datafield>
   <datafield ind1=" " ind2=" " tag="596">
      <subfield code="a">40</subfield>
   </datafield>
   <datafield ind1=" " ind2="0" tag="650">
      <subfield code="a">Investments</subfield>
      <subfield code="v">Textbooks.</subfield>
   </datafield>
   <datafield ind1=" " ind2="0" tag="650">
      <subfield code="a">Portfolio management</subfield>
      <subfield code="v">Textbooks.</subfield>
   </datafield>
   <datafield ind1="1" ind2=" " tag="700">
      <subfield code="a">Kane, Alex,</subfield>
      <subfield code="d">1942-</subfield>
      <subfield code="e">author.</subfield>
   </datafield>
   <datafield ind1="1" ind2=" " tag="700">
      <subfield code="a">Marcus, Alan J.,</subfield>
      <subfield code="e">author.</subfield>
   </datafield>
   <datafield ind1="1" ind2=" " tag="700">
      <subfield code="a">Perrakis, Stylianos,</subfield>
      <subfield code="d">1938-</subfield>
      <subfield code="e">author.</subfield>
   </datafield>
   <datafield ind1="1" ind2=" " tag="700">
      <subfield code="a">Ryan, Peter J.</subfield>
      <subfield code="q">(Peter John),</subfield>
      <subfield code="d">1957-</subfield>
      <subfield code="e">author.</subfield>
   </datafield>
   <datafield ind1="1" ind2=" " tag="700">
      <subfield code="a">Switzer, Lorne,</subfield>
      <subfield code="d">1954-</subfield>
      <subfield code="e">author.</subfield>
   </datafield>
   <datafield ind1=" " ind2=" " tag="926">
      <subfield code="a">HG 4521 B564 2015</subfield>
      <subfield code="w">LC</subfield>
      <subfield code="c">1</subfield>
      <subfield code="i">0162033596196</subfield>
      <subfield code="d">4/5/2017</subfield>
      <subfield code="e">4/5/2017</subfield>
      <subfield code="k">RESERVES</subfield>
      <subfield code="l">ON_SHELF</subfield>
      <subfield code="m">UABUSINESS</subfield>
      <subfield code="n">157</subfield>
      <subfield code="p">$150.00</subfield>
      <subfield code="r">Y</subfield>
      <subfield code="s">Y</subfield>
      <subfield code="t">SHORT_LOAN</subfield>
      <subfield code="u">12/2/2014</subfield>
      <subfield code="0">TEXTBOOK</subfield>
   </datafield>
   <datafield ind1=" " ind2=" " tag="926">
      <subfield code="a">HG 4521 B564 2015</subfield>
      <subfield code="w">LC</subfield>
      <subfield code="c">2</subfield>
      <subfield code="i">0162033695576</subfield>
      <subfield code="d">4/10/2017</subfield>
      <subfield code="e">4/10/2017</subfield>
      <subfield code="k">RESERVES</subfield>
      <subfield code="l">ON_SHELF</subfield>
      <subfield code="m">UABUSINESS</subfield>
      <subfield code="n">94</subfield>
      <subfield code="p">$150.00</subfield>
      <subfield code="r">Y</subfield>
      <subfield code="s">Y</subfield>
      <subfield code="t">SHORT_LOAN</subfield>
      <subfield code="u">9/8/2015</subfield>
      <subfield code="0">TEXTBOOK</subfield>
   </datafield>
</record>
